@String{j-Zpravodaj     = "Zpravodaj \CSTUG{}"}
@ARTICLE{tex:vrabcova2022,
  author={Tereza Vrabcová},
  title={{Digitální archivace Zpravodaje \CSTUG u}},
  journal=j-Zpravodaj,
  number="1",
  volume=32,
  year=2022,
  pages={\mbox{11--17}},
  doi={10.5300/2022-1-4/11},
  langid = {czech},
}

@online{tex:Zpravodaj,
  publisher={Československé sdružení uživatelů \TeX u},
  url={https://www.dml.cz/handle/10338.dmlcz/148724},
  key={Československé sdružení uživatelů TeXu},
  title=j-Zpravodaj,
  year={1991--2023},
}

@online{tex:NovotnyVH2021,
  author={Vít Novotný},
  url={https://www.cstug.cz/informace/zpravy/2021-02-06-valne-shromazdeni-2020/files/novotny-konverze-2021-03-06.pdf},
  title={Konverze Zpravodaje \CSTUG u pro Českou
digitální matematickou knihovnu (DML-CZ)
Co, proč a jak?},
  year=2021,
  month=Mar,
  day=6,
}

@online{ungar1992cropmark,
  title = {cropmark-pu},
  subtitle = {Cropmark macros for Plain \TeX},
  author = {Peter Ungar},
  publisher = {CTAN},
  date = {1992-02-10},
  url = {https://www.ctan.org/pkg/cropmark-pu},
  urldate = {2022-11-12},
}

@online{taylor1994cropmrks,
  title = {cropmrks},
  subtitle = {Add crop marks to a Plain \TeX{} document},
  author = {Philip Taylor},
  publisher = {CTAN},
  year = {1994},
  url = {https://www.ctan.org/pkg/cropmrks},
  urldate = {2022-11-12},
}

@online{wagner2022zwpagelayout,
  title = {zwpagelayout},
  subtitle = {Page layout and crop-marks},
  author = {Zdeněk Wagner},
  publisher = {CTAN},
  date = {2022-04-18},
  url = {https://www.ctan.org/pkg/zwpagelayout},
  urldate = {2022-11-12},
}

@online{wagner2022VS,
  title = {Mnohojazyčná sazba: kniha s~textem v~56 jazycích},
  author = {Zdeněk Wagner},
  date = {2022-11-12},
  url = {https://www.cstug.cz/informace/zpravy/2022-10-24-valna-hromada-2022/files/pozvanka-valna-hromada-2022.pdf},
  urldate = {2022-11-14},
}

@online{hoftich2022VS,
  title = {Responzivní design s~\LaTeX em},
  author = {Michal Hoftich},
  date = {2022-11-12},
  url = {https://www.cstug.cz/informace/zpravy/2022-10-24-valna-hromada-2022/files/pozvanka-valna-hromada-2022.pdf},
  urldate = {2022-11-14},
}

@online{olsak2022VS,
  title = {Představení {Op\TeX}u},
  author = {Petr Olšák},
  date = {2022-05-14},
  url = {https://www.cstug.cz/informace/zpravy/2022-04-01-valna-hromada-2022/files/pozvanka-valna-hromada-2021.pdf},
  urldate = {2022-11-14},
}

@online{cstug2021valna,
  title = {Valná hromada \CSTUG{} 2021},
  date = {2022-04-01},
  url = {https://www.cstug.cz/informace/zpravy/2022-04-01-valna-hromada-2022/},
  urldate = {2022-11-15},
}

@online{cstug2022valna,
  title = {Valná hromada \CSTUG{} 2022},
  date = {2022-10-24},
  url = {https://www.cstug.cz/informace/zpravy/2022-10-24-valna-hromada-2022/},
  urldate = {2022-11-17},
}

@online{cstug2001clenstvi,
  url = {http://www.cstug.cz/clenstvi/},
  title = {Členství v~\CSTUG u},
  date = {2001-03-27},
  urldate = {2001-04-29},
  note = {Vizte např. webový archiv \href{https://web.archive.org/web/20010429085710/http://www.cstug.cz:80/clenstvi/}{web.archive.org}},
}

@article{kuben2005uvodnik,
  title = {Úvodník},
  author = {Jaromír Kuben},
  booktitle = {Zpravodaj \CSTUG},
  issn = {1211-6661},
  location = {Brno, Czech Republic},
  volume = {15},
  issue = {1},
  year = {2005},
  pages = {1--2},
  url = {https://dml.cz/handle/10338.dmlcz/149977},
}

@book{knuth-tb,
  author = {Donald Ervin Knuth},
  title = {The \TeX book},
  place = {Reading (MA, USA)},
  publisher = {Addison-Wesley},
  year = {1986},
  pagetotal = {x+483},
  isbn = {0-201-13448-9},
}