@article{debug,
  author = {Barbara Beeton},
  title = {Debugging \LaTeX{} files -- Illegitimi non carborundum},
  journal = {TUGboat},
  volume = {38},
  number = {2},
  pages = {159-164},
  year = {2017},
}

@article{debugCZ,
  author = {Barbara Beeton},
  title = {Ladění \LaTeX ových souborů},
  journal = {Zpravodaj \CSTUG u},
  volume = {31},
  number = {1},
  pages = {63-75},
  year = {2021},
  doi = {10.5300/2021-1-4/63},
}

@article{newbie,
  author = {Barbara Beeton},
  title = {What every \AllTeX\ newbie should know},
  journal = {TUGboat},
  volume = {44},
  number = {2},
  pages = {164-169},
  year = {2023},
  doi = {10.47397/tb/44-2/tb137beeton-basic},
}

@book{tlc3,
  author = {Frank Mittelbach and Ulrike Fischer},
  title = {The \LaTeX{} Companion},
  year = {2023},
  date = {2023-05-14},
  publisher = {Addison-Wesley Professional},
  edition = {3},
  isbn = {978-0138166489},
}

@online{2419,
  author = {Martin Scharrer},
  title = {Often referenced questions},
  date = {2023-05-09},
  url = {https://tex.meta.stackexchange.com/q/2419},
  urldate = {2023-11-13},
}

@book{tbn,
  author = {Petr Olšák},
  title = {\TeX book naruby},
  publisher = {Konvoj},
  year = {2001},
  edition = {2},
  isbn = {80-7302-007-6},
  url = {http://petr.olsak.net/ftp/olsak/tbn/tbn.pdf},
}

@online{TSE,
  title = {\TeX{} StackExchange},
  url = {https://tex.stackexchange.com},
  urldate = {2023-11-13},
}

@online{ctansearch,
  title = {CTAN: Search},
  url = {https://ctan.org/search},
  urldate = {2023-11-13},
}