@online{starynovotny2023valna,
  author = {Starý Novotný, Vít},
  title = {Valná hromada \CSTUG{} 2023},
  url = {https://www.cstug.cz/informace/zpravy/2023-11-12-valna-hromada-2023/},
  urldate = {2023-11-27},
  date = {2023-11-12},
}

@online{tug2023tug,
  title = {TeX Users Group},
  url = {https://tug.org/},
  urldate = {2023-11-27},
}