@online{rezaniweb,
  author = {Jan Šustek},
  title = {\soub{rezani.tex}},
  date = {2023-11-07},
  url = {https://github.com/jsustek/rezani/blob/main/rezani.tex},
  urldate = {2023-11-13},
}

@online{gensrcweb,
  author = {Jan Šustek},
  title = {\soub{gensrc.tex}},
  date = {2023-11-07},
  url = {https://github.com/jsustek/gensrc/blob/main/gensrc.tex},
  urldate = {2023-11-13},
}

@online{DEKlit,
  author = {Knuth, Donald E.},
  title = {Literate Programming},
  year = {1983},
  month = Sep,
  note = {Submitted to The Computer Journal.},
  url = {http://www.literateprogramming.com/knuthweb.pdf},
  urldate = {2023-11-13},
}

@book{knuthcas,
  author = {Knuth, Donald E.},
  series = {Computers \& Typesetting},
  publisher = {{Addison\discretionary{-}{-}{-}Wesley}},
  location = {Reading, MA},
  options = {dataonly},
}

@book{DEKtp,
  crossref = {knuthcas},
  volume = {B},
  title = {\TeX: The Program},
  year = {1986},
  pages = {xvi+594},
  isbn = {0-201-13437-3},
  url = {https://tug.ctan.org/systems/knuth/dist/tex/tex.web},
}

@online{docdoc,
  title = {The \soub{doc} and \soub{shortvrb} Packages},
  author = {Frank Mittelbach},
  date = {2023-11-01},
  url = {https://mirrors.ctan.org/macros/latex/base/doc.pdf},
  urldate = {2023-11-13},
}

@online{docstrip,
  title = {\soub{docstrip}},
  subtitle = {Remove comments from file},
  author = {{The \LaTeX{} Project Team} and Frank Mittelbach},
  date = {2022-09-03},
  url = {https://ctan.org/pkg/docstrip},
  urldate = {2023-11-13},
}

@online{docdocstrip,
  title = {The \soub{DocStrip} program},
  author = {Frank Mittelbach and Denys Duchier and Johannes Braams and Marcin Woliński and Mark Wooding},
  date = {2023-11-01},
  url = {http://mirrors.ctan.org/macros/latex/base/docstrip.pdf},
  urldate = {2023-11-13},
}

@book{tbn,
  author = {Petr Olšák},
  title = {\TeX book naruby},
  publisher = {Konvoj},
  year = {2001},
  edition = {2},
  isbn = {80-7302-007-6},
  url = {http://petr.olsak.net/ftp/olsak/tbn/tbn.pdf},
}

@online{opmac,
  author = {Petr Olšák},
  title = {OPmac},
  subtitle = {Rozšiřující makra plain \TeX u},
  url = {https://petr.olsak.net/opmac.html},
  urldate = {2023-11-13},
}

@online{prg2wav,
  author = {{Tom the Dragon}},
  title = {prg2wav},
  subtitle = {C64 PRG to Turbo Tape 64},
  url = {https://github.com/tomdwaggy/prg2wav},
  urldate = {2023-11-13},
}

@online{c64,
  title = {C64 online emulator},
  url = {https://virtualconsoles.com/online-emulators/c64/},
  urldate = {2023-11-13},
}

@online{petcat,
  title = {{VICE}},
  subtitle = {The Versatile Commodore Emulator},
  url = {https://vice-emu.sourceforge.io/},
  urldate = {2023-11-13},
}
