@online{novotny2023markdowna,
  author = {Starý Novotný, Vít},
  title = {Markdown 3},
  subtitle = {What's new, what's next?},
  date = {2023-07-15},
  urldate = {2023-09-15},
  url = {https://tug.org/tug2023/files/sa-03-novotny-markdown3/novotny-markdown3-slides.pdf},
}

@online{novotny2023markdownb,
  author = {Starý Novotný, Vít},
  title = {TUG 2023 -- Markdown 3},
  subtitle = {Co je nového a co se chystá?},
  date = {2023-07-15},
  urldate = {2023-09-15},
  url = {https://youtu.be/U8XjTOhJkg0},
}

@online{sojka2023roadmapa,
  author = {Ondřej Sojka and Petr Sojka and Jakub Máca},
  title = {A roadmap for universal syllabic segmentation},
  subtitle = {What's new, what's next?},
  date = {2023-07-14},
  urldate = {2023-11-12},
  url = {https://tug.org/tug2023/files/fr-14-maca-syllabic/maca-syllabic-slides.pdf},
}

@article{sojka2023roadmapb,
  author = {Ondřej Sojka and Petr Sojka and Jakub Máca},
  title = {A roadmap for universal syllabic segmentation},
  journal = {TUGboat},
  volume = {44},
  number = {2},
  pages = {289-296},
  year = {2023},
  doi = {10.47397/tb/44-2/tb137sojka-syllabic},
}

@online{starynovotny2023cstug,
  author = {Starý Novotný, Vít},
  title = {\CSTUG{} na konferenci TUG 2023},
  date = {2023-07-16},
  urldate = {2023-11-12},
  url = {https://www.cstug.cz/informace/zpravy/2023-07-16-tug-2023/},
}

@online{sustek2023on,
  author = {Šustek, Jan},
  title = {\textls[-15]{On generating documented source code by blocks in \TeX}},
  date = {2023-07-14},
  urldate = {2023-11-12},
  url = {https://tug.org/tug2023/files/fr-03-sustek-literate/sustek-literate-slides.pdf},
}

@book{mittelbach2023latex,
  author = {Frank Mittelbach and Ulrike Fischer},
  title = {The \LaTeX{} Companion},
  year = {2023},
  date = {2023-05-14},
  publisher = {Addison-Wesley Professional},
  edition = {3},
  isbn = {978-0138166489},
}

@thesis{maca2023judy,
  author = {Jakub Máca},
  title = {Judy},
  year = {2023},
  type = {Bakalářská práce},
  institution = {Fakulta informatiky Masarykovy univerzity},
  location = {Brno},
  supervisor = {Petr Sojka},
  url = {https://is.muni.cz/th/kru3j/},
  urldate = {2023-11-12},
}